{"symbol": "CGC", "annualReports": [{"fiscalDateEnding": "2021-03-31", "reportedCurrency": "CAD", "grossProfit": "66960000", "totalRevenue": "1127375000", "costOfRevenue": "1113585000", "costofGoodsAndServicesSold": "479689000", "operatingIncome": "-1243456000", "sellingGeneralAndAdministrative": "575389000", "researchAndDevelopment": "57582000", "operatingExpenses": "1310416000", "investmentIncomeNet": "None", "netInterestIncome": "-8459000", "interestIncome": "21367000", "interestExpense": "8459000", "nonInterestIncome": "1135834000", "otherNonOperatingIncome": "-387876000", "depreciation": "70914000", "depreciationAndAmortization": "58507000", "incomeBeforeTax": "-1758061000", "incomeTaxExpense": "-13141000", "interestAndDebtExpense": "8459000", "netIncomeFromContinuingOperations": "-1670820000", "comprehensiveIncomeNetOfTax": "-2000059000", "ebit": "-1749602000", "ebitda": "-1691095000", "netIncome": "-1744920000"}, {"fiscalDateEnding": "2020-03-31", "reportedCurrency": "CAD", "grossProfit": "-31684000", "totalRevenue": "830437000", "costOfRevenue": "1232210000", "costofGoodsAndServicesSold": "430456000", "operatingIncome": "-1668963000", "sellingGeneralAndAdministrative": "693737000", "researchAndDevelopment": "61812000", "operatingExpenses": "1637279000", "investmentIncomeNet": "None", "netInterestIncome": "-6716000", "interestIncome": "66327000", "interestExpense": "6716000", "nonInterestIncome": "837153000", "otherNonOperatingIncome": "224329000", "depreciation": "73716000", "depreciationAndAmortization": "52791000", "incomeBeforeTax": "-1442940000", "incomeTaxExpense": "-121614000", "interestAndDebtExpense": "6716000", "netIncomeFromContinuingOperations": "-1387440000", "comprehensiveIncomeNetOfTax": "-1094522000", "ebit": "-1436224000", "ebitda": "-1383433000", "netIncome": "-1321326000"}, {"fiscalDateEnding": "2019-03-31", "reportedCurrency": "CAD", "grossProfit": "28245000", "totalRevenue": "226341000", "costOfRevenue": "198096000", "costofGoodsAndServicesSold": "198096000", "operatingIncome": "-637452000", "sellingGeneralAndAdministrative": "392250000", "researchAndDevelopment": "15238000", "operatingExpenses": "665697000", "investmentIncomeNet": "None", "netInterestIncome": "-2035000", "interestIncome": "49312000", "interestExpense": "2035000", "nonInterestIncome": "474200000", "otherNonOperatingIncome": "-59709000", "depreciation": "30062000", "depreciationAndAmortization": "21510000", "incomeBeforeTax": "-657776000", "incomeTaxExpense": "4112000", "interestAndDebtExpense": "2035000", "netIncomeFromContinuingOperations": "-670094000", "comprehensiveIncomeNetOfTax": "-742758000", "ebit": "-730134000", "ebitda": "-708624000", "netIncome": "-736281000"}, {"fiscalDateEnding": "2018-03-31", "reportedCurrency": "CAD", "grossProfit": "32989000", "totalRevenue": "77948000", "costOfRevenue": "44959000", "costofGoodsAndServicesSold": "44959000", "operatingIncome": "-119597000", "sellingGeneralAndAdministrative": "103480000", "researchAndDevelopment": "2053000", "operatingExpenses": "152586000", "investmentIncomeNet": "None", "netInterestIncome": "-784000", "interestIncome": "1350000", "interestExpense": "784000", "nonInterestIncome": "153456000", "otherNonOperatingIncome": "69614000", "depreciation": "8725000", "depreciationAndAmortization": "12889000", "incomeBeforeTax": "-52541000", "incomeTaxExpense": "-392000", "interestAndDebtExpense": "784000", "netIncomeFromContinuingOperations": "-54134000", "comprehensiveIncomeNetOfTax": "-47973000", "ebit": "-66891000", "ebitda": "-54002000", "netIncome": "-67283000"}], "quarterlyReports": [{"fiscalDateEnding": "2021-09-30", "reportedCurrency": "CAD", "grossProfit": "-71140000", "totalRevenue": "251258000", "costOfRevenue": "328270000", "costofGoodsAndServicesSold": "202514000", "operatingIncome": "-215359000", "sellingGeneralAndAdministrative": "125756000", "researchAndDevelopment": "8764000", "operatingExpenses": "144219000", "investmentIncomeNet": "None", "netInterestIncome": "20697000", "interestIncome": "2755000", "interestExpense": "26646000", "nonInterestIncome": "277904000", "otherNonOperatingIncome": "195821000", "depreciation": "19992000", "depreciationAndAmortization": "8788000", "incomeBeforeTax": "-14265000", "incomeTaxExpense": "-3207000", "interestAndDebtExpense": "26646000", "netIncomeFromContinuingOperations": "-16331000", "comprehensiveIncomeNetOfTax": "23012000", "ebit": "12381000", "ebitda": "21169000", "netIncome": "-11058000"}, {"fiscalDateEnding": "2021-06-30", "reportedCurrency": "CAD", "grossProfit": "27238000", "totalRevenue": "268098000", "costOfRevenue": "229561000", "costofGoodsAndServicesSold": "108971000", "operatingIncome": "-187711000", "sellingGeneralAndAdministrative": "112574000", "researchAndDevelopment": "8342000", "operatingExpenses": "214949000", "investmentIncomeNet": "None", "netInterestIncome": "-24564000", "interestIncome": "2647000", "interestExpense": "24564000", "nonInterestIncome": "292662000", "otherNonOperatingIncome": "580666000", "depreciation": "17116000", "depreciationAndAmortization": "8016000", "incomeBeforeTax": "395318000", "incomeTaxExpense": "2900000", "interestAndDebtExpense": "24564000", "netIncomeFromContinuingOperations": "389955000", "comprehensiveIncomeNetOfTax": "365140000", "ebit": "419882000", "ebitda": "427898000", "netIncome": "392418000"}, {"fiscalDateEnding": "2021-03-31", "reportedCurrency": "CAD", "grossProfit": "9800000", "totalRevenue": "148439000", "costOfRevenue": "302247000", "costofGoodsAndServicesSold": "138639000", "operatingIncome": "-233202000", "sellingGeneralAndAdministrative": "148666000", "researchAndDevelopment": "15800000", "operatingExpenses": "243002000", "investmentIncomeNet": "None", "netInterestIncome": "-4751000", "interestIncome": "2289000", "interestExpense": "4751000", "nonInterestIncome": "148439000", "otherNonOperatingIncome": "-366770000", "depreciation": "16289000", "depreciationAndAmortization": "14942000", "incomeBeforeTax": "-695033000", "incomeTaxExpense": "4945000", "interestAndDebtExpense": "4751000", "netIncomeFromContinuingOperations": "9800000", "comprehensiveIncomeNetOfTax": "-761625000", "ebit": "-690282000", "ebitda": "-675340000", "netIncome": "-699978000"}, {"fiscalDateEnding": "2020-12-31", "reportedCurrency": "CAD", "grossProfit": "24585000", "totalRevenue": "322115000", "costOfRevenue": "272021000", "costofGoodsAndServicesSold": "127943000", "operatingIncome": "-553613000", "sellingGeneralAndAdministrative": "144078000", "researchAndDevelopment": "13957000", "operatingExpenses": "578198000", "investmentIncomeNet": "None", "netInterestIncome": "-1030000", "interestIncome": "7310000", "interestExpense": "1030000", "nonInterestIncome": "323145000", "otherNonOperatingIncome": "-290567000", "depreciation": "18252000", "depreciationAndAmortization": "14133000", "incomeBeforeTax": "-919980000", "incomeTaxExpense": "-15600000", "interestAndDebtExpense": "1030000", "netIncomeFromContinuingOperations": "-829251000", "comprehensiveIncomeNetOfTax": "-980279000", "ebit": "-918950000", "ebitda": "-904817000", "netIncome": "-904380000"}, {"fiscalDateEnding": "2020-09-30", "reportedCurrency": "CAD", "grossProfit": "26080000", "totalRevenue": "279530000", "costOfRevenue": "256439000", "costofGoodsAndServicesSold": "109186000", "operatingIncome": "-284265000", "sellingGeneralAndAdministrative": "147253000", "researchAndDevelopment": "14166000", "operatingExpenses": "310345000", "investmentIncomeNet": "None", "netInterestIncome": "-1523000", "interestIncome": "2775000", "interestExpense": "1523000", "nonInterestIncome": "281053000", "otherNonOperatingIncome": "221256000", "depreciation": "18958000", "depreciationAndAmortization": "12800000", "incomeBeforeTax": "-31509000", "incomeTaxExpense": "552000", "interestAndDebtExpense": "1523000", "netIncomeFromContinuingOperations": "-96552000", "comprehensiveIncomeNetOfTax": "-81170000", "ebit": "-29986000", "ebitda": "-17186000", "netIncome": "-32061000"}, {"fiscalDateEnding": "2020-06-30", "reportedCurrency": "CAD", "grossProfit": "6495000", "totalRevenue": "222390000", "costOfRevenue": "255945000", "costofGoodsAndServicesSold": "103921000", "operatingIncome": "-172376000", "sellingGeneralAndAdministrative": "135392000", "researchAndDevelopment": "20621000", "operatingExpenses": "178871000", "investmentIncomeNet": "None", "netInterestIncome": "-1155000", "interestIncome": "8993000", "interestExpense": "1155000", "nonInterestIncome": "223545000", "otherNonOperatingIncome": "48205000", "depreciation": "17415000", "depreciationAndAmortization": "16632000", "incomeBeforeTax": "-111539000", "incomeTaxExpense": "-3038000", "interestAndDebtExpense": "1155000", "netIncomeFromContinuingOperations": "-128322000", "comprehensiveIncomeNetOfTax": "-176985000", "ebit": "-110384000", "ebitda": "-93752000", "netIncome": "-108501000"}, {"fiscalDateEnding": "2020-03-31", "reportedCurrency": "CAD", "grossProfit": "-91825000", "totalRevenue": "107913000", "costOfRevenue": "132089000", "costofGoodsAndServicesSold": "199738000", "operatingIncome": "-991024000", "sellingGeneralAndAdministrative": "197579000", "researchAndDevelopment": "20621000", "operatingExpenses": "899199000", "investmentIncomeNet": "None", "netInterestIncome": "-2105000", "interestIncome": "14798000", "interestExpense": "2105000", "nonInterestIncome": "107913000", "otherNonOperatingIncome": "-376295000", "depreciation": "24134000", "depreciationAndAmortization": "26141000", "incomeBeforeTax": "-1401687000", "incomeTaxExpense": "-98666000", "interestAndDebtExpense": "2105000", "netIncomeFromContinuingOperations": "-168024000", "comprehensiveIncomeNetOfTax": "-1094712000", "ebit": "-1399582000", "ebitda": "-1373441000", "netIncome": "-1303021000"}, {"fiscalDateEnding": "2019-12-31", "reportedCurrency": "CAD", "grossProfit": "38208000", "totalRevenue": "123764000", "costOfRevenue": "254466000", "costofGoodsAndServicesSold": "85556000", "operatingIncome": "-192381000", "sellingGeneralAndAdministrative": "168910000", "researchAndDevelopment": "20795000", "operatingExpenses": "230589000", "investmentIncomeNet": "None", "netInterestIncome": "-2240000", "interestIncome": "12348000", "interestExpense": "2240000", "nonInterestIncome": "123764000", "otherNonOperatingIncome": "57963000", "depreciation": "19769000", "depreciationAndAmortization": "10695000", "incomeBeforeTax": "-118802000", "incomeTaxExpense": "-27448000", "interestAndDebtExpense": "2240000", "netIncomeFromContinuingOperations": "38208000", "comprehensiveIncomeNetOfTax": "-57402000", "ebit": "-116562000", "ebitda": "-105867000", "netIncome": "-91354000"}, {"fiscalDateEnding": "2019-09-30", "reportedCurrency": "CAD", "grossProfit": "3643000", "totalRevenue": "76613000", "costOfRevenue": "254571000", "costofGoodsAndServicesSold": "72970000", "operatingIncome": "-270839000", "sellingGeneralAndAdministrative": "181601000", "researchAndDevelopment": "11922000", "operatingExpenses": "274482000", "investmentIncomeNet": "None", "netInterestIncome": "-1165000", "interestIncome": "16463000", "interestExpense": "1165000", "nonInterestIncome": "76613000", "otherNonOperatingIncome": "509893000", "depreciation": "16226000", "depreciationAndAmortization": "8790000", "incomeBeforeTax": "253151000", "incomeTaxExpense": "-5767000", "interestAndDebtExpense": "1165000", "netIncomeFromContinuingOperations": "3643000", "comprehensiveIncomeNetOfTax": "289595000", "ebit": "254316000", "ebitda": "263106000", "netIncome": "258918000"}, {"fiscalDateEnding": "2019-06-30", "reportedCurrency": "CAD", "grossProfit": "18290000", "totalRevenue": "90482000", "costOfRevenue": "225004000", "costofGoodsAndServicesSold": "72192000", "operatingIncome": "-214719000", "sellingGeneralAndAdministrative": "145647000", "researchAndDevelopment": "8474000", "operatingExpenses": "233009000", "investmentIncomeNet": "None", "netInterestIncome": "-1206000", "interestIncome": "22718000", "interestExpense": "1206000", "nonInterestIncome": "90482000", "otherNonOperatingIncome": "32768000", "depreciation": "13587000", "depreciationAndAmortization": "7165000", "incomeBeforeTax": "-175602000", "incomeTaxExpense": "10267000", "interestAndDebtExpense": "1206000", "netIncomeFromContinuingOperations": "18290000", "comprehensiveIncomeNetOfTax": "-232003000", "ebit": "-174396000", "ebitda": "-167231000", "netIncome": "-185869000"}, {"fiscalDateEnding": "2019-03-31", "reportedCurrency": "CAD", "grossProfit": "21045000", "totalRevenue": "94050000", "costOfRevenue": "25573000", "costofGoodsAndServicesSold": "25573000", "operatingIncome": "21045000", "sellingGeneralAndAdministrative": "158825000", "researchAndDevelopment": "7274000", "operatingExpenses": "229153000", "investmentIncomeNet": "None", "netInterestIncome": "None", "interestIncome": "-92455000", "interestExpense": "-661000", "nonInterestIncome": "94050000", "otherNonOperatingIncome": "None", "depreciation": "None", "depreciationAndAmortization": "23346000", "incomeBeforeTax": "-309646000", "incomeTaxExpense": "13716000", "interestAndDebtExpense": "None", "netIncomeFromContinuingOperations": "21045000", "comprehensiveIncomeNetOfTax": "-347492000", "ebit": "21045000", "ebitda": "-298545000", "netIncome": "-379516000"}, {"fiscalDateEnding": "2018-12-31", "reportedCurrency": "CAD", "grossProfit": "19072000", "totalRevenue": "83048000", "costOfRevenue": "70596000", "costofGoodsAndServicesSold": "70596000", "operatingIncome": "19072000", "sellingGeneralAndAdministrative": "109999000", "researchAndDevelopment": "5264000", "operatingExpenses": "165173000", "investmentIncomeNet": "None", "netInterestIncome": "None", "interestIncome": "None", "interestExpense": "-159301.45", "nonInterestIncome": "83048000", "otherNonOperatingIncome": "None", "depreciation": "None", "depreciationAndAmortization": "7890000", "incomeBeforeTax": "75901000", "incomeTaxExpense": "1041000", "interestAndDebtExpense": "None", "netIncomeFromContinuingOperations": "19072000", "comprehensiveIncomeNetOfTax": "39194000", "ebit": "19072000", "ebitda": "76513000", "netIncome": "50736000"}, {"fiscalDateEnding": "2018-09-30", "reportedCurrency": "CAD", "grossProfit": "-19336000", "totalRevenue": "23327000", "costOfRevenue": "57311000", "costofGoodsAndServicesSold": "57311000", "operatingIncome": "-19336000", "sellingGeneralAndAdministrative": "132856000", "researchAndDevelopment": "1944000", "operatingExpenses": "177442000", "investmentIncomeNet": "None", "netInterestIncome": "None", "interestIncome": "None", "interestExpense": "335000", "nonInterestIncome": "23327000", "otherNonOperatingIncome": "None", "depreciation": "None", "depreciationAndAmortization": "9389000", "incomeBeforeTax": "-330330000", "incomeTaxExpense": "284000", "interestAndDebtExpense": "None", "netIncomeFromContinuingOperations": "-19336000", "comprehensiveIncomeNetOfTax": "-310428000", "ebit": "-19336000", "ebitda": "-327128000", "netIncome": "-317830000"}, {"fiscalDateEnding": "2018-06-30", "reportedCurrency": "CAD", "grossProfit": "7464000", "totalRevenue": "25916000", "costOfRevenue": "18452000", "costofGoodsAndServicesSold": "-16069000", "operatingIncome": "7464000", "sellingGeneralAndAdministrative": "49755000", "researchAndDevelopment": "756000", "operatingExpenses": "70807000", "investmentIncomeNet": "None", "netInterestIncome": "None", "interestIncome": "None", "interestExpense": "16045000", "nonInterestIncome": "25916000", "otherNonOperatingIncome": "None", "depreciation": "None", "depreciationAndAmortization": "6293000", "incomeBeforeTax": "-93701000", "incomeTaxExpense": "-2723000", "interestAndDebtExpense": "None", "netIncomeFromContinuingOperations": "7464000", "comprehensiveIncomeNetOfTax": "-93299000", "ebit": "7464000", "ebitda": "-60662000", "netIncome": "-89671000"}]}