{"symbol": "MCO", "annualReports": [{"fiscalDateEnding": "2020-12-31", "reportedCurrency": "USD", "grossProfit": "3707000000", "totalRevenue": "5182000000", "costOfRevenue": "1475000000", "costofGoodsAndServicesSold": "1475000000", "operatingIncome": "2388000000", "sellingGeneralAndAdministrative": "1229000000", "researchAndDevelopment": "None", "operatingExpenses": "1555000000", "investmentIncomeNet": "None", "netInterestIncome": "-163000000", "interestIncome": "11000000", "interestExpense": "163000000", "nonInterestIncome": "5340000000", "otherNonOperatingIncome": "46000000", "depreciation": "96000000", "depreciationAndAmortization": "220000000", "incomeBeforeTax": "2230000000", "incomeTaxExpense": "452000000", "interestAndDebtExpense": "187000000", "netIncomeFromContinuingOperations": "1783000000", "comprehensiveIncomeNetOfTax": "1784000000", "ebit": "2388000000", "ebitda": "2613000000", "netIncome": "1778000000"}, {"fiscalDateEnding": "2019-12-31", "reportedCurrency": "USD", "grossProfit": "3237000000", "totalRevenue": "4624000000", "costOfRevenue": "1387000000", "costofGoodsAndServicesSold": "1387000000", "operatingIncome": "1998000000", "sellingGeneralAndAdministrative": "1167000000", "researchAndDevelopment": "None", "operatingExpenses": "2831000000", "investmentIncomeNet": "17000000", "netInterestIncome": "-175000000", "interestIncome": "17000000", "interestExpense": "175000000", "nonInterestIncome": "4797000000", "otherNonOperatingIncome": "20000000", "depreciation": "97000000", "depreciationAndAmortization": "200000000", "incomeBeforeTax": "1803000000", "incomeTaxExpense": "381000000", "interestAndDebtExpense": "175000000", "netIncomeFromContinuingOperations": "1442000000", "comprehensiveIncomeNetOfTax": "1429000000", "ebit": "1998000000", "ebitda": "2178000000", "netIncome": "1422000000"}, {"fiscalDateEnding": "2018-12-31", "reportedCurrency": "USD", "grossProfit": "1658000000", "totalRevenue": "4232500000", "costOfRevenue": "1246000000", "costofGoodsAndServicesSold": "1245500000", "operatingIncome": "1868000000", "sellingGeneralAndAdministrative": "1080000000", "researchAndDevelopment": "51100000", "operatingExpenses": "2575000000", "investmentIncomeNet": "14700000", "netInterestIncome": "-198800000", "interestIncome": "14700000", "interestExpense": "198800000", "nonInterestIncome": "4431300000", "otherNonOperatingIncome": "19000000", "depreciation": "90200000", "depreciationAndAmortization": "192000000", "incomeBeforeTax": "1662000000", "incomeTaxExpense": "352000000", "interestAndDebtExpense": "198800000", "netIncomeFromContinuingOperations": "1333200000", "comprehensiveIncomeNetOfTax": "1058000000", "ebit": "1868000000", "ebitda": "2052800000", "netIncome": "1310000000"}, {"fiscalDateEnding": "2017-12-31", "reportedCurrency": "USD", "grossProfit": "2988100000", "totalRevenue": "4204100000", "costOfRevenue": "1216000000", "costofGoodsAndServicesSold": "1222800000", "operatingIncome": "1821000000", "sellingGeneralAndAdministrative": "986000000", "researchAndDevelopment": "42000000", "operatingExpenses": "2383000000", "investmentIncomeNet": "16000000", "netInterestIncome": "-191100000", "interestIncome": "16000000", "interestExpense": "191100000", "nonInterestIncome": "42900000", "otherNonOperatingIncome": "4000000", "depreciation": "96900000", "depreciationAndAmortization": "158000000", "incomeBeforeTax": "1780000000", "incomeTaxExpense": "779000000", "interestAndDebtExpense": "191100000", "netIncomeFromContinuingOperations": "1021000000", "comprehensiveIncomeNetOfTax": "1193000000", "ebit": "1821000000", "ebitda": "2129100000", "netIncome": "1001000000"}, {"fiscalDateEnding": "2016-12-31", "reportedCurrency": "USD", "grossProfit": "1502500000", "totalRevenue": "3604200000", "costOfRevenue": "2101700000", "costofGoodsAndServicesSold": "1026600000", "operatingIncome": "650900000", "sellingGeneralAndAdministrative": "931200000", "researchAndDevelopment": "40100000", "operatingExpenses": "2953300000", "investmentIncomeNet": "10900000", "netInterestIncome": "-139100000", "interestIncome": "2000000", "interestExpense": "141100000", "nonInterestIncome": "50100000", "otherNonOperatingIncome": "64400000", "depreciation": "92500000", "depreciationAndAmortization": "126700000", "incomeBeforeTax": "548800000", "incomeTaxExpense": "282200000", "interestAndDebtExpense": "141100000", "netIncomeFromContinuingOperations": "287200000", "comprehensiveIncomeNetOfTax": "241200000", "ebit": "650900000", "ebitda": "816600000", "netIncome": "266600000"}], "quarterlyReports": [{"fiscalDateEnding": "2021-09-30", "reportedCurrency": "USD", "grossProfit": "1085000000", "totalRevenue": "1479000000", "costOfRevenue": "394000000", "costofGoodsAndServicesSold": "394000000", "operatingIncome": "676000000", "sellingGeneralAndAdministrative": "395000000", "researchAndDevelopment": "None", "operatingExpenses": "456000000", "investmentIncomeNet": "None", "netInterestIncome": "-47000000", "interestIncome": "-40000000", "interestExpense": "47000000", "nonInterestIncome": "1524000000", "otherNonOperatingIncome": "-4000000", "depreciation": "None", "depreciationAndAmortization": "61000000", "incomeBeforeTax": "619000000", "incomeTaxExpense": "145000000", "interestAndDebtExpense": "47000000", "netIncomeFromContinuingOperations": "474000000", "comprehensiveIncomeNetOfTax": "437000000", "ebit": "676000000", "ebitda": "727000000", "netIncome": "474000000"}, {"fiscalDateEnding": "2021-06-30", "reportedCurrency": "USD", "grossProfit": "1150000000", "totalRevenue": "1515000000", "costOfRevenue": "365000000", "costofGoodsAndServicesSold": "365000000", "operatingIncome": "801000000", "sellingGeneralAndAdministrative": "327000000", "researchAndDevelopment": "None", "operatingExpenses": "387000000", "investmentIncomeNet": "None", "netInterestIncome": "-41000000", "interestIncome": "1000000", "interestExpense": "41000000", "nonInterestIncome": "1555000000", "otherNonOperatingIncome": "6000000", "depreciation": "None", "depreciationAndAmortization": "60000000", "incomeBeforeTax": "758000000", "incomeTaxExpense": "181000000", "interestAndDebtExpense": "41000000", "netIncomeFromContinuingOperations": "577000000", "comprehensiveIncomeNetOfTax": "592000000", "ebit": "801000000", "ebitda": "859000000", "netIncome": "577000000"}, {"fiscalDateEnding": "2021-03-31", "reportedCurrency": "USD", "grossProfit": "1165000000", "totalRevenue": "1558000000", "costOfRevenue": "393000000", "costofGoodsAndServicesSold": "393000000", "operatingIncome": "853000000", "sellingGeneralAndAdministrative": "293000000", "researchAndDevelopment": "None", "operatingExpenses": "354000000", "investmentIncomeNet": "None", "netInterestIncome": "-41000000", "interestIncome": "38000000", "interestExpense": "41000000", "nonInterestIncome": "1598000000", "otherNonOperatingIncome": "16000000", "depreciation": "None", "depreciationAndAmortization": "59000000", "incomeBeforeTax": "862000000", "incomeTaxExpense": "126000000", "interestAndDebtExpense": "41000000", "netIncomeFromContinuingOperations": "744000000", "comprehensiveIncomeNetOfTax": "728000000", "ebit": "853000000", "ebitda": "962000000", "netIncome": "736000000"}, {"fiscalDateEnding": "2020-12-31", "reportedCurrency": "USD", "grossProfit": "836000000", "totalRevenue": "1245000000", "costOfRevenue": "409000000", "costofGoodsAndServicesSold": "409000000", "operatingIncome": "444000000", "sellingGeneralAndAdministrative": "350000000", "researchAndDevelopment": "None", "operatingExpenses": "-582000000", "investmentIncomeNet": "None", "netInterestIncome": "-42000000", "interestIncome": "2000000", "interestExpense": "42000000", "nonInterestIncome": "1285000000", "otherNonOperatingIncome": "8000000", "depreciation": "None", "depreciationAndAmortization": "57000000", "incomeBeforeTax": "400000000", "incomeTaxExpense": "86000000", "interestAndDebtExpense": "42000000", "netIncomeFromContinuingOperations": "316000000", "comprehensiveIncomeNetOfTax": "386000000", "ebit": "444000000", "ebitda": "499000000", "netIncome": "314000000"}, {"fiscalDateEnding": "2020-09-30", "reportedCurrency": "USD", "grossProfit": "953000000", "totalRevenue": "1317000000", "costOfRevenue": "364000000", "costofGoodsAndServicesSold": "364000000", "operatingIncome": "642000000", "sellingGeneralAndAdministrative": "271000000", "researchAndDevelopment": "None", "operatingExpenses": "714000000", "investmentIncomeNet": "None", "netInterestIncome": "-42000000", "interestIncome": "-34000000", "interestExpense": "42000000", "nonInterestIncome": "1358000000", "otherNonOperatingIncome": "10000000", "depreciation": "None", "depreciationAndAmortization": "56000000", "incomeBeforeTax": "599000000", "incomeTaxExpense": "132000000", "interestAndDebtExpense": "42000000", "netIncomeFromContinuingOperations": "471000000", "comprehensiveIncomeNetOfTax": "505000000", "ebit": "642000000", "ebitda": "697000000", "netIncome": "467000000"}, {"fiscalDateEnding": "2020-06-30", "reportedCurrency": "USD", "grossProfit": "1018000000", "totalRevenue": "1380000000", "costOfRevenue": "362000000", "costofGoodsAndServicesSold": "362000000", "operatingIncome": "710000000", "sellingGeneralAndAdministrative": "307000000", "researchAndDevelopment": "None", "operatingExpenses": "725000000", "investmentIncomeNet": "None", "netInterestIncome": "-48000000", "interestIncome": "3000000", "interestExpense": "48000000", "nonInterestIncome": "1427000000", "otherNonOperatingIncome": "16000000", "depreciation": "None", "depreciationAndAmortization": "58000000", "incomeBeforeTax": "666000000", "incomeTaxExpense": "157000000", "interestAndDebtExpense": "48000000", "netIncomeFromContinuingOperations": "512000000", "comprehensiveIncomeNetOfTax": "520000000", "ebit": "710000000", "ebitda": "772000000", "netIncome": "509000000"}, {"fiscalDateEnding": "2020-03-31", "reportedCurrency": "USD", "grossProfit": "924000000", "totalRevenue": "1264000000", "costOfRevenue": "340000000", "costofGoodsAndServicesSold": "340000000", "operatingIncome": "592000000", "sellingGeneralAndAdministrative": "301000000", "researchAndDevelopment": "None", "operatingExpenses": "698000000", "investmentIncomeNet": "None", "netInterestIncome": "-31000000", "interestIncome": "4000000", "interestExpense": "31000000", "nonInterestIncome": "1294000000", "otherNonOperatingIncome": "12000000", "depreciation": "None", "depreciationAndAmortization": "49000000", "incomeBeforeTax": "565000000", "incomeTaxExpense": "77000000", "interestAndDebtExpense": "31000000", "netIncomeFromContinuingOperations": "484000000", "comprehensiveIncomeNetOfTax": "373000000", "ebit": "592000000", "ebitda": "645000000", "netIncome": "488000000"}, {"fiscalDateEnding": "2019-12-31", "reportedCurrency": "USD", "grossProfit": "1233000000", "totalRevenue": "1233000000", "costOfRevenue": "355000000", "costofGoodsAndServicesSold": "355200000", "operatingIncome": "504000000", "sellingGeneralAndAdministrative": "319000000", "researchAndDevelopment": "None", "operatingExpenses": "729000000", "investmentIncomeNet": "None", "netInterestIncome": "-50500000", "interestIncome": "4500000", "interestExpense": "50500000", "nonInterestIncome": "1233000000", "otherNonOperatingIncome": "8000000", "depreciation": "None", "depreciationAndAmortization": "50000000", "incomeBeforeTax": "450000000", "incomeTaxExpense": "91000000", "interestAndDebtExpense": "50500000", "netIncomeFromContinuingOperations": "504000000", "comprehensiveIncomeNetOfTax": "459000000", "ebit": "504000000", "ebitda": "550500000", "netIncome": "359000000"}, {"fiscalDateEnding": "2019-09-30", "reportedCurrency": "USD", "grossProfit": "512800000", "totalRevenue": "1204500000", "costOfRevenue": "350000000", "costofGoodsAndServicesSold": "350200000", "operatingIncome": "549000000", "sellingGeneralAndAdministrative": "292000000", "researchAndDevelopment": "None", "operatingExpenses": "691000000", "investmentIncomeNet": "None", "netInterestIncome": "-36900000", "interestIncome": "3600000", "interestExpense": "36900000", "nonInterestIncome": "1241400000", "otherNonOperatingIncome": "10000000", "depreciation": "None", "depreciationAndAmortization": "48000000", "incomeBeforeTax": "510000000", "incomeTaxExpense": "130000000", "interestAndDebtExpense": "36900000", "netIncomeFromContinuingOperations": "386300000", "comprehensiveIncomeNetOfTax": "288000000", "ebit": "549000000", "ebitda": "594900000", "netIncome": "380000000"}, {"fiscalDateEnding": "2019-06-30", "reportedCurrency": "USD", "grossProfit": "432000000", "totalRevenue": "1162100000", "costOfRevenue": "340000000", "costofGoodsAndServicesSold": "339900000", "operatingIncome": "483000000", "sellingGeneralAndAdministrative": "275000000", "researchAndDevelopment": "None", "operatingExpenses": "731000000", "investmentIncomeNet": "None", "netInterestIncome": "-42100000", "interestIncome": "3900000", "interestExpense": "42100000", "nonInterestIncome": "1204200000", "otherNonOperatingIncome": "0", "depreciation": "None", "depreciationAndAmortization": "52000000", "incomeBeforeTax": "431000000", "incomeTaxExpense": "121000000", "interestAndDebtExpense": "42100000", "netIncomeFromContinuingOperations": "317600000", "comprehensiveIncomeNetOfTax": "319000000", "ebit": "483000000", "ebitda": "525100000", "netIncome": "310000000"}, {"fiscalDateEnding": "2019-03-31", "reportedCurrency": "USD", "grossProfit": "800100000", "totalRevenue": "1142100000", "costOfRevenue": "342000000", "costofGoodsAndServicesSold": "341700000", "operatingIncome": "462000000", "sellingGeneralAndAdministrative": "281000000", "researchAndDevelopment": "None", "operatingExpenses": "680000000", "investmentIncomeNet": "5000000", "netInterestIncome": "-46900000", "interestIncome": "-44900000", "interestExpense": "46900000", "nonInterestIncome": "1135900000", "otherNonOperatingIncome": "2000000", "depreciation": "None", "depreciationAndAmortization": "50000000", "incomeBeforeTax": "411000000", "incomeTaxExpense": "38000000", "interestAndDebtExpense": "46900000", "netIncomeFromContinuingOperations": "374800000", "comprehensiveIncomeNetOfTax": "363000000", "ebit": "462000000", "ebitda": "507900000", "netIncome": "373000000"}, {"fiscalDateEnding": "2018-12-31", "reportedCurrency": "USD", "grossProfit": "1011400000", "totalRevenue": "1060100000", "costOfRevenue": "-645000000", "costofGoodsAndServicesSold": "304100000", "operatingIncome": "376000000", "sellingGeneralAndAdministrative": "278100000", "researchAndDevelopment": "None", "operatingExpenses": "684000000", "investmentIncomeNet": "4000000", "netInterestIncome": "-50700000", "interestIncome": "None", "interestExpense": "50700000", "nonInterestIncome": "1060100000", "otherNonOperatingIncome": "700000", "depreciation": "None", "depreciationAndAmortization": "48400000", "incomeBeforeTax": "320300000", "incomeTaxExpense": "69300000", "interestAndDebtExpense": "50700000", "netIncomeFromContinuingOperations": "376600000", "comprehensiveIncomeNetOfTax": "166300000", "ebit": "376000000", "ebitda": "419400000", "netIncome": "251000000"}, {"fiscalDateEnding": "2018-09-30", "reportedCurrency": "USD", "grossProfit": "466800000", "totalRevenue": "1080800000", "costOfRevenue": "614000000", "costofGoodsAndServicesSold": "306300000", "operatingIncome": "467000000", "sellingGeneralAndAdministrative": "260300000", "researchAndDevelopment": "None", "operatingExpenses": "614000000", "investmentIncomeNet": "4100000", "netInterestIncome": "-46800000", "interestIncome": "None", "interestExpense": "46800000", "nonInterestIncome": "1076900000", "otherNonOperatingIncome": "2400000", "depreciation": "None", "depreciationAndAmortization": "46100000", "incomeBeforeTax": "410800000", "incomeTaxExpense": "100800000", "interestAndDebtExpense": "46800000", "netIncomeFromContinuingOperations": "315300000", "comprehensiveIncomeNetOfTax": "272800000", "ebit": "467000000", "ebitda": "503700000", "netIncome": "310000000"}, {"fiscalDateEnding": "2018-06-30", "reportedCurrency": "USD", "grossProfit": "534000000", "totalRevenue": "1175100000", "costOfRevenue": "641100000", "costofGoodsAndServicesSold": "320200000", "operatingIncome": "534000000", "sellingGeneralAndAdministrative": "270500000", "researchAndDevelopment": "None", "operatingExpenses": "641100000", "investmentIncomeNet": "3400000", "netInterestIncome": "-49700000", "interestIncome": "None", "interestExpense": "49700000", "nonInterestIncome": "6200000", "otherNonOperatingIncome": "14900000", "depreciation": "None", "depreciationAndAmortization": "48400000", "incomeBeforeTax": "493600000", "incomeTaxExpense": "117600000", "interestAndDebtExpense": "49700000", "netIncomeFromContinuingOperations": "382500000", "comprehensiveIncomeNetOfTax": "123400000", "ebit": "534000000", "ebitda": "591700000", "netIncome": "376000000"}, {"fiscalDateEnding": "2018-03-31", "reportedCurrency": "USD", "grossProfit": "490800000", "totalRevenue": "1126700000", "costOfRevenue": "635900000", "costofGoodsAndServicesSold": "314900000", "operatingIncome": "491000000", "sellingGeneralAndAdministrative": "271100000", "researchAndDevelopment": "None", "operatingExpenses": "635900000", "investmentIncomeNet": "3200000", "netInterestIncome": "-51600000", "interestIncome": "None", "interestExpense": "51600000", "nonInterestIncome": "-5900000", "otherNonOperatingIncome": "1000000", "depreciation": "None", "depreciationAndAmortization": "49100000", "incomeBeforeTax": "437300000", "incomeTaxExpense": "64300000", "interestAndDebtExpense": "51600000", "netIncomeFromContinuingOperations": "378100000", "comprehensiveIncomeNetOfTax": "495500000", "ebit": "491000000", "ebitda": "538000000", "netIncome": "373000000"}, {"fiscalDateEnding": "2017-12-31", "reportedCurrency": "USD", "grossProfit": "1165500000", "totalRevenue": "1165500000", "costOfRevenue": "-476300000", "costofGoodsAndServicesSold": "342400000", "operatingIncome": "465500000", "sellingGeneralAndAdministrative": "303500000", "researchAndDevelopment": "42000000", "operatingExpenses": "699700000", "investmentIncomeNet": "3000000", "netInterestIncome": "-50400000", "interestIncome": "None", "interestExpense": "50400000", "nonInterestIncome": "1165500000", "otherNonOperatingIncome": "800000", "depreciation": "None", "depreciationAndAmortization": "49600000", "incomeBeforeTax": "404600000", "incomeTaxExpense": "379100000", "interestAndDebtExpense": "50400000", "netIncomeFromContinuingOperations": "462800000", "comprehensiveIncomeNetOfTax": "111400000", "ebit": "465500000", "ebitda": "504600000", "netIncome": "25500000"}, {"fiscalDateEnding": "2017-09-30", "reportedCurrency": "USD", "grossProfit": "445400000", "totalRevenue": "1062900000", "costOfRevenue": "617500000", "costofGoodsAndServicesSold": "317200000", "operatingIncome": "448500000", "sellingGeneralAndAdministrative": "245700000", "researchAndDevelopment": "None", "operatingExpenses": "614400000", "investmentIncomeNet": "4300000", "netInterestIncome": "-49100000", "interestIncome": "None", "interestExpense": "49100000", "nonInterestIncome": "-6700000", "otherNonOperatingIncome": "500000", "depreciation": "None", "depreciationAndAmortization": "43000000", "incomeBeforeTax": "463400000", "incomeTaxExpense": "146100000", "interestAndDebtExpense": "49100000", "netIncomeFromContinuingOperations": "322400000", "comprehensiveIncomeNetOfTax": "368600000", "ebit": "448500000", "ebitda": "555500000", "netIncome": "317300000"}, {"fiscalDateEnding": "2017-06-30", "reportedCurrency": "USD", "grossProfit": "457500000", "totalRevenue": "1000500000", "costOfRevenue": "543000000", "costofGoodsAndServicesSold": "285800000", "operatingIncome": "460100000", "sellingGeneralAndAdministrative": "216100000", "researchAndDevelopment": "None", "operatingExpenses": "540400000", "investmentIncomeNet": "4600000", "netInterestIncome": "-46600000", "interestIncome": "None", "interestExpense": "46600000", "nonInterestIncome": "3800000", "otherNonOperatingIncome": "10400000", "depreciation": "None", "depreciationAndAmortization": "32900000", "incomeBeforeTax": "460600000", "incomeTaxExpense": "148400000", "interestAndDebtExpense": "46600000", "netIncomeFromContinuingOperations": "317600000", "comprehensiveIncomeNetOfTax": "359800000", "ebit": "460100000", "ebitda": "540100000", "netIncome": "312200000"}, {"fiscalDateEnding": "2017-03-31", "reportedCurrency": "USD", "grossProfit": "443400000", "totalRevenue": "975200000", "costOfRevenue": "531800000", "costofGoodsAndServicesSold": "277400000", "operatingIncome": "446700000", "sellingGeneralAndAdministrative": "220700000", "researchAndDevelopment": "None", "operatingExpenses": "528500000", "investmentIncomeNet": "4100000", "netInterestIncome": "-44400000", "interestIncome": "None", "interestExpense": "44400000", "nonInterestIncome": "50100000", "otherNonOperatingIncome": "-7700000", "depreciation": "None", "depreciationAndAmortization": "32500000", "incomeBeforeTax": "451000000", "incomeTaxExpense": "105400000", "interestAndDebtExpense": "44400000", "netIncomeFromContinuingOperations": "346900000", "comprehensiveIncomeNetOfTax": "353200000", "ebit": "446700000", "ebitda": "527900000", "netIncome": "345600000"}, {"fiscalDateEnding": "2016-12-31", "reportedCurrency": "USD", "grossProfit": "942100000", "totalRevenue": "942100000", "costOfRevenue": "551400000", "costofGoodsAndServicesSold": "265300000", "operatingIncome": "-473100000", "sellingGeneralAndAdministrative": "248000000", "researchAndDevelopment": "40100000", "operatingExpenses": "1403000000", "investmentIncomeNet": "2700000", "netInterestIncome": "-33900000", "interestIncome": "2000000", "interestExpense": "35900000", "nonInterestIncome": "41000000", "otherNonOperatingIncome": "48900000", "depreciation": "None", "depreciationAndAmortization": "32900000", "incomeBeforeTax": "-468600000", "incomeTaxExpense": "-40000000", "interestAndDebtExpense": "35900000", "netIncomeFromContinuingOperations": "-473100000", "comprehensiveIncomeNetOfTax": "-487900000", "ebit": "-473100000", "ebitda": "-399800000", "netIncome": "-428600000"}]}